@Book{Bec04,
	author = {Beck, Kent},
	title = {Test-Driven development by Example},
	publisher = {Pearson},
	year = {2004},
	isbn = {8131715957}
}

@InProceedings{WMV03,
	author    = {Williams, Laurie and Maximilien, E. Michael and Vouk, Mladen},
	title     = {Test-Driven Development as a Defect-Reduction Practice},
	booktitle = {14th IEEE International Symposium on Software Reliability Engineering ISSRE 2003},
	month     = {December},
	year      = {2003},
	address   = {Denver, Colorado},
	publisher = {IEEE},
	url       = {http://ieeexplore.ieee.org/document/1251029/},
	urldate={2016-10-01},
}

@Book{Osh13,
	author = {Osherove, Roy},
	title = {The Art of Unit Testing},
	publisher = {Manning},
	year = {2013},
	isbn = {1617290890}
}
