@online{AP1,
	ALTauthor = {Apache},
	title = {HCFS},
	date = {April 2013},
	url = {https://wiki.apache.org/hadoop/HCFS},
	OPTdate = {03},
	OPTmonth = {03},
	OPTyear = {2018},
}
